% Encoding: ISO-8859-1

@Software{WHAM,
  author =    {Grossfield, A.},
  title =     {An efficient implementation of the Weighted Histogram Analysis Method {(WHAM)}, http://membrane.urmc.rochester.edu/content/wham},
  url =       {http://membrane.urmc.rochester.edu/content/wham},
  owner =     {alan},
  timestamp = {2008.04.10},
  year =      {2014}
}

@Article{Kim-1996,
  author =        {Huber, Gary A and Kim, Sangtae},
  title =         {Weighted-ensemble Brownian dynamics simulations for protein association reactions},
  journal =       {Biophysical journal},
  year =          {1996},
  volume =        {70},
  number =        {1},
  pages =         {97--110},
  __markedentry = {[alan:6]},
  owner =         {alan},
  publisher =     {Elsevier},
  timestamp =     {2017.06.11}
}

@Article{Kirkwood-1935,
  author        = {Kirkwood, John G},
  title         = {Statistical mechanics of fluid mixtures},
  journal       = {The Journal of Chemical Physics},
  year          = {1935},
  volume        = {3},
  number        = {5},
  pages         = {300--313},
  __markedentry = {[alan:6]},
  owner         = {alan},
  publisher     = {AIP},
  timestamp     = {2017.09.14},
}

@Article{Swendsen-1992,
  author =    {Kumar, S. and Bouzida, D. and Swendsen, R. H. and Kollman, P. A. and Rosenberg, J. M.},
  title =     {The weighted histogram analysis method for free-energy calculations on biomolecules. \ {I}. {T}he method},
  journal =   {J. Comput. Chem. },
  year =      {1992},
  volume =    {13},
  pages =     {1011-1021},
  owner =     {alan},
  timestamp = {2017.09.23}
}

@Article{Swendsen-1995,
  author =    {Kumar, S. and Rosenberg, J. M. and Bouzida, D. and Swendsen, R. H. and Kollman, P. A. },
  title =     {Multidimensional Free-Energy Calculations Using the Weighted Histogram Analysis Method},
  journal =   {J. Comput. Chem. },
  year =      {1995},
  volume =    {16},
  pages =     {1339-1350},
  owner =     {alan},
  timestamp = {2017.09.23}
}

@Article{Roux-1995,
  author =    {Roux, B.},
  title =     {The calculation of the potential of mean force using computer simulation},
  journal =   {Comp. Phys. Comm.},
  year =      {1995},
  volume =    {91},
  pages =     {275-282},
  owner =     {agrossf},
  timestamp = {2006.05.19}
}

@comment{jabref-meta: databaseType:bibtex;}

@comment{jabref-entrytype: Software: req[author;title;url] opt[]}
